%
% references.bib -- Bibliography file
%
% (c) 2018 Autor, Hochschule Rapperswil
%
@webpage{fa,
	Date-Added = {2018-06-22 15:19:38 +0000},
	Date-Modified = {2018-06-22 15:20:14 +0000},
	Lastchecked = {16.06.2018},
	Month = {April},
	Url = {https://physik.wissenstexte.de/polartag.html},
	Year = {2009}}

@webpage{fm,
	Date-Added = {2018-06-22 15:16:20 +0000},
	Date-Modified = {2018-06-22 15:20:40 +0000},
	Lastchecked = {16.06.2018},
	Url = {https://www.klimafakten.de/behauptungen/behauptung-der-co2-anstieg-ist-nicht-ursache-sondern-folge-des-klimawandels},
	Year = {2014}}

@book{cb,
	Author = {Hans Kaper und Hans Engler},
	Date-Added = {2018-06-22 15:14:41 +0000},
	Date-Modified = {2018-06-22 15:16:12 +0000},
	Publisher = {Society for Industrial and Applied Mathematics},
	Title = {Mathematics and Climate},
	Year = {2013}}

